
@online{Authentikation,
  title = {Authentikation},
  url = {https://www2.wi.fh-flensburg.de/rechnernetze/glossar/Remote_Access/authentikation.htm},
  urldate = {2020-07-30},
  file = {D\:\\Dokumente\\zotero_bib\\storage\\HLW8LLFE\\authentikation.html}
}

@online{BronzezeitEuropaDeutschland,
  title = {Bronzezeit in Europa – Deutschland in Geschichte | Schülerlexikon | Lernhelfer},
  url = {https://www.lernhelfer.de/schuelerlexikon/geschichte/artikel/bronzezeit-europa-deutschland},
  urldate = {2020-08-03},
  abstract = {Als Bronzezeit wird die Epoche bezeichnet, die zwischen der Kupfer- und Eisenzeit der Vor- und Frühgeschichte liegt. Sie begann in Mitteleuropa etwa um 1800/1700 v. Chr. und währte bis 800/700 v. Chr. In dieser Zeit war das Metall Bronze der wichtigste Werkstoff und diente u. a. zur Herstellung von Werkzeugen, Waffen und Schmuck. Zu den Funden aus der Bronzezeit gehören},
  file = {D\:\\Dokumente\\zotero_bib\\storage\\84LP2496\\bronzezeit-europa-deutschland.html},
  keywords = {Einleitung},
  langid = {german}
}

@book{dankmeier2006,
  title = {Grundkurs Codierung: Verschlüsselung, Kompression, Fehlerbeseitigung},
  shorttitle = {Grundkurs Codierung},
  author = {Dankmeier, Wilfried},
  date = {2006},
  edition = {3., überarb. und erw. Aufl},
  publisher = {{Vieweg}},
  location = {{Wiesbaden}},
  abstract = {Verschlüsseln (mit DES, AES, RSA, elektronische Unterschrift, Berechtigungsprotokolle, Pseudo-Primzahlen, Hash-Summen) - Kompression (mit Huffman, LZW, JPEG, MPEG, MP3, Wavelets, Fraktalen) - Ein- und Mehrbit-Fehlerkorrektur (mit Hamming-, BCH-, Reed-Solomon-,Turboprodukt-Codes, Shannons Kanalkapazität) - Aussagekräftige Beispiele und Aufgaben, die das Lernen effektiv unterstützen},
  file = {D\:\\Dokumente\\zotero_bib\\storage\\8LDF4THL\\Dankmeier - 2006 - Grundkurs Codierung Verschlüsselung, Kompression,.pdf},
  isbn = {978-3-528-25399-8},
  langid = {german},
  pagetotal = {393}
}

@online{dr.dr.jornlengsfeld,
  title = {Digitales {{Informationszeitalter}}},
  author = {{Dr. Dr. Jörn Lengsfeld}},
  url = {https://joernlengsfeld.com/de/definition/digitales-informationszeitalter/},
  urldate = {2020-08-03},
  file = {D\:\\Dokumente\\zotero_bib\\storage\\KM42RA54\\digitales-informationszeitalter.html},
  keywords = {Einleitung}
}

@book{ertel2003,
  title = {Angewandte Kryptographie: mit 51 Bildern und 30 Aufgaben},
  shorttitle = {Angewandte Kryptographie},
  author = {Ertel, Wolfgang},
  date = {2003},
  edition = {2., bearb. Aufl},
  publisher = {{Fachbuchverl. Leipzig im Carl Hanser Verl}},
  location = {{München}},
  file = {D\:\\Dokumente\\zotero_bib\\storage\\XUBSU6JA\\Ertel - 2003 - Angewandte Kryptographie mit 51 Bildern und 30 Au.pdf},
  isbn = {978-3-446-22304-2},
  langid = {german},
  pagetotal = {221}
}

@article{humbolt-oberschule,
  title = {Das Verschlüsselungsverfahren RSA},
  author = {Humbolt-Oberschule and Schweppe, Nora},
  pages = {12},
  file = {D\:\\Dokumente\\zotero_bib\\storage\\RZCNZB66\\Berlin und Dietz - Das Verschlüsselungsverfahren RSA.pdf},
  langid = {german}
}

@online{mediacompany2017,
  title = {Was ist HTTPS und eine SSL Verschlüsselung?},
  author = {, mediacompany},
  date = {2017-12-06T23:00:00+00:00},
  journaltitle = {Media Company Düsseldorf Blog - Social Media, SEO,...},
  url = {https://www.media-company.eu/blog/allgemein/https-und-ssl-verschluesselung/},
  urldate = {2020-07-30},
  abstract = {Was bedeutet eigentlich HTTPS und worin liegt der Unterschied zu HTTP? Und warum ist eine SSL Verschlüsselung so wichtig? Hier erfährst Du es!},
  file = {D\:\\Dokumente\\zotero_bib\\storage\\FWR3C9FJ\\https-und-ssl-verschluesselung.html},
  langid = {german}
}

@online{sagt2017,
  title = {Verschlüsselung: Definition, Ziele, Funktionsweise und Verfahren},
  shorttitle = {Verschlüsselung},
  author = {de {sagt}, Sicherheit im Netz?-Notebook-Freunde},
  date = {2017-12-15T09:00:50+01:00},
  journaltitle = {Was ist Malware?},
  url = {http://www.was-ist-malware.de/it-sicherheit/verschluesselung-definition-ziele-funktionsweise-und-verfahren/},
  urldate = {2020-07-30},
  abstract = {Bei einer Verschlüsselung werden Daten in eine unlesbare Form überführt. Inhalt: Ziele, Funktoinsweise und verschiedene Verfahren der Verschlüsselung.},
  file = {D\:\\Dokumente\\zotero_bib\\storage\\SZZXGEK4\\verschluesselung-definition-ziele-funktionsweise-und-verfahren.html},
  langid = {german}
}

@online{WasIstVerschluesselung,
  title = {Was ist Verschlüsselung?},
  url = {https://www.security-insider.de/was-ist-verschluesselung-a-618734/},
  urldate = {2020-07-30},
  abstract = {Mit Hilfe der Verschlüsselung lassen sich Daten in eine für Unbefugte nicht mehr lesbare Form verwandeln. Zur Verschlüsselung kommen digitale Schlüssel (Schlüsseldateien) in symmetrischen oder asymmetrischen Verschlüsselungsverfahren zum Einsatz.},
  file = {D\:\\Dokumente\\zotero_bib\\storage\\ZU8X8ZE9\\was-ist-verschluesselung-a-618734.html},
  langid = {german}
}

@book{watjen2008,
  title = {Kryptographie: Grundlagen, Algorithmen, Protokolle},
  shorttitle = {Kryptographie},
  author = {Wätjen, Dietmar},
  date = {2008},
  edition = {2. Aufl},
  publisher = {{Spektrum, Akad. Verl}},
  location = {{Heidelberg}},
  file = {D\:\\Dokumente\\zotero_bib\\storage\\QNUE8Y5X\\Wätjen - 2008 - Kryptographie Grundlagen, Algorithmen, Protokolle.pdf},
  isbn = {978-3-8274-1916-3},
  langid = {german},
  pagetotal = {343}
}


